<record><leader>00000cas a22000007a 4500</leader><controlfield tag="001">10860513</controlfield><controlfield tag="008">840619d18301830mauwr ne      0    0eng d</controlfield><controlfield tag="009">3768</controlfield><datafield ind1=" " ind2=" " tag="010"><subfield code="a">sn 84023410 </subfield></datafield><datafield ind1=" " ind2=" " tag="040"><subfield code="a">NPX</subfield><subfield code="b">eng</subfield><subfield code="c">NPX</subfield><subfield code="d">DLC</subfield><subfield code="d">MGN</subfield><subfield code="d">OCLCG</subfield></datafield><datafield ind1="1" ind2=" " tag="029"><subfield code="a">AU@</subfield><subfield code="b">000025823605</subfield></datafield><datafield ind1=" " ind2=" " tag="042"><subfield code="a">msc</subfield></datafield><datafield ind1="0" ind2="0" tag="050"><subfield code="a">Newspaper 8160-X</subfield></datafield><datafield ind1="0" ind2=" " tag="130"><subfield code="a">Massachusetts journal (Boston, Mass. : 1830)</subfield></datafield><datafield ind1="0" ind2="0" tag="245"><subfield code="a">Massachusetts journal.</subfield></datafield><datafield ind1=" " ind2=" " tag="260"><subfield code="a">Boston [Mass.] :</subfield><subfield code="b">W. Boothby, Jr. &amp; Co.,</subfield><subfield code="c">1830.</subfield></datafield><datafield ind1=" " ind2=" " tag="300"><subfield code="a">1 v. ;</subfield><subfield code="c">53 cm.</subfield></datafield><datafield ind1=" " ind2=" " tag="310"><subfield code="a">Weekly</subfield></datafield><datafield ind1="0" ind2=" " tag="362"><subfield code="a">Vol. 2, no. 22 (Feb. 6, 1830)-v. 4, no. 50 (Aug. 21, 1830).</subfield></datafield><datafield ind1=" " ind2=" " tag="500"><subfield code="a">Editor: D.L. Child.</subfield></datafield><datafield ind1="1" ind2=" " tag="700"><subfield code="a">Child, David Lee,</subfield><subfield code="d">1794-1874.</subfield></datafield><datafield ind1=" " ind2=" " tag="752"><subfield code="a">United States</subfield><subfield code="b">Massachusetts</subfield><subfield code="c">Suffolk</subfield><subfield code="d">Boston.</subfield></datafield><datafield ind1="0" ind2="0" tag="780"><subfield code="t">Mass. weekly journal</subfield><subfield code="w">(DLC)sn 84023409</subfield></datafield><datafield ind1="0" ind2="7" tag="785"><subfield code="t">Tribune (Boston, Mass. : 1830)</subfield><subfield code="w">(DLC)sn 84023411</subfield></datafield><datafield ind1="0" ind2="7" tag="785"><subfield code="t">Massachusetts journal and tribune</subfield><subfield code="w">(DLC)sn 84023412</subfield></datafield></record>